@phdthesis{oumer2009land,
  title={Land Use and Land Cover Change, Drivers and Its Impact: A Comparative Study from Kuhar Michael and Lenche Dima Of Blue Nile and Awash Basins of Ethiopia},
  author={Oumer, Hussien Ali},
  year={2009},
  school={Cornell University}
}
@phdthesis{anteneh2006studies,
  title={Studies on cattle milk and meat production in Fogera woreda: Production systems, constraints and opportunities for development},
  author={Anteneh, A.},
  year={2006},
  school={Hawassa University, Hawassa, Ethiopia}
}
@article{chemin2012determining,
  title={Determining spatial and temporal patterns of submergence in rice with MODIS satellite data},
  author={Chemin, Yann and Phuphak, S and Asilo, S and Hijmans, RJ and others},
  journal={International Journal of Geoinformatics},
  volume={8},
  number={2},
  pages={1},
  year={2012}
}

@inproceedings{chemin2012spatio,
  title={Spatio-temporal patterns of rice submergence in North-Eastern Thailand with Terra-MODIS},
  author={Chemin, Y. and Phupak, S.},
  year={2012},
  booketitleaddon={In Proceedings of the 33rd Asian Conference of Remote Sensing, Pattaya, Thailand},
  month={November}
}

@article{derib2011irrigation,
  title={Irrigation water productivity as affected by water management in a small-scale irrigation scheme in the Blue Nile basin, Ethiopia},
  author={Derib, Sisay Demeku and Descheemaeker, Katrien and Haileslassie, Amare and Amede, Tilahun},
  journal={Experimental agriculture},
  volume={47},
  number={S1},
  pages={39--55},
  year={2011},
  publisher={Cambridge Univ Press}
}

@article(dessalegn2014is,
  title={Is ‘Social Cooperation’ for traditional irrigation, while ‘Technology’ is for motor pump irrigation?},
  author={Dessalegn, M. and Merrey, D. J.},
  year={2014},
  journal={IWMI Research Report},
  number={161}
}

@article{descheemaeker2010improving,
  title={Improving water productivity in mixed crop--livestock farming systems of sub-Saharan Africa},
  author={Descheemaeker, Katrien and Amede, Tilahun and Haileslassie, Amare},
  journal={Agricultural water management},
  volume={97},
  number={5},
  pages={579--586},
  year={2010},
  publisher={Elsevier}
}

@book{desta2000land,
  title={Land degradation and strategies for sustainable development in the Ethiopian highlands: Amhara Region},
  author={Desta, Lakew},
  number={32},
  year={2000},
  publisher={ILRI (aka ILCA and ILRAD)}
}

@article{eguavoen2012digging,
  title={Digging, damming or diverting? Small-scale irrigation in the Blue Nile basin, Ethiopia},
  author={Eguavoen, I. and Derib, S.D. and Deneke, T.T. and McCartney, M. and Otto, B.A. and Billa, S.S.},
  year={2012}
  journal={Water Alternatives},
  volume={5},
  issue={3},
  pages={678–699}
}

@article{hurd2008challenges,
  title={Challenges of adapting to a changing climate},
  author={Hurd, Brian H},
  journal={UCLA J. Envtl. L. \& Pol'y},
  volume={26},
  pages={77},
  year={2008},
  publisher={HeinOnline}
}

@book{kaluarachchi2008climate,
  author={Kim, U. and Kaluarachchi, J.J. and Smakhtin, V.U.},
  year={2008},
  title={Climate change impacts on hydrology and water resources of the Upper Blue Nile river basin, Ethiopia},
  number={126},
  publisher={IWMI}
}

@article{oliver1996anthropological,
  title={Anthropological research on hazards and disasters},
  author={Oliver-Smith, Anthony},
  journal={Annual review of anthropology},
  pages={303--328},
  year={1996},
  publisher={JSTOR}
}

@book{unesco2004national,
  author={UNESCO},
  year={2004},
  title={National Water Development Report for Ethiopia}
  number={UN-WATER/WWAP/2006/7}
  booktitleaddon={World Water Assessment Program}
}

@article{wakjira2008diversifying,
  title={Diversifying cropping systems in the mountainous landscape of Galessa, Ethiopia},
  author={Wakjira, Adugna and Gizaw, Amare},
  year={2008},
  publisher={Verlag der {\"O}sterreichischen Akademie der Wissenschaften}
}