@article{rocchini2012let,
	author = "Rocchini, D. and Neteler, M.",
	journal = "Trends in Ecology \& Evolution",
	number = "6",
	pages = "310--311",
	publisher = "Elsevier Current Trends",
	title = "{Let the four freedoms paradigm apply to ecology}",
	volume = "27",
	year = "2012"
}

@article{mea582,
	author = "Petras, V. and Petrasova, A. and Harmon, B. and Meentemeyer, R. and Mitasova, H.",
	note = "Manuscript submitted for publication",
	title = "{Integrating open source solutions into geospatial science education}",
	year = "2015"
}

@article{neteler2012grass,
	author = "Neteler, M. and Bowman, M.H. and Landa, M. and Metz, M.",
	doi = "10.1016/j.envsoft.2011.11.014",
	journal = "Environmental Modelling \& Software",
	pages = "124--130",
	publisher = "Elsevier",
	title = "{GRASS GIS: a multi-purpose Open Source GIS}",
	volume = "31",
	year = "2012"
}

@inproceedings{chemin2015grass,
	author = "Chemin, Yann and Petras, Vaclav and Petrasova, Anna and Landa, Martin and Gebbert, S{\"o}ren and Zambelli, Pietro and Neteler, Markus and L{\"o}we, Peter and {Di Leo}, Margherita",
	booktitle = "{Geophysical Research Abstracts}",
	pages = "8314",
	title = "{{GRASS GIS}: a peer-reviewed scientific platform and future research repository}",
	volume = "17",
	year = "2015"
}

@inproceedings{petras_how_2017,
        location = {Raleigh, {NC}, {USA}},
        title = {How innovations thrive in {GRASS} {GIS}},
        url = {https://trac.osgeo.org/grass/export/70673/grass-promo/grassposter/2017_NCGIS_How_innovations_thrive/How_innovations_thrive_in_GRASS_GIS.pdf},
        booktitle = {{NCGIS}},
        author = {Petras, Vaclav and Chemin, Yann and Landa, Martin and Leppelt, Thomas and Zambelli, Pietro and Delucchi, Luca and Di Leo, Margherita and Gebbert, SÃ¶ren and Neteler, Markus},
        year = {2017},
}

@inproceedings{petras2018grass,
	author = "Petras, Vaclav and Petrasova, Anna and Neteler, Markus and Mitasova, Helena",
	booktitle = "{AGU}",
	title = "{GRASS GIS}: A General-purpose Geospatial Research Tool",
	year = "2018"
}
