@article{baker1992r,
  title={The r. le programs for multiscale analysis of landscape structure using the GRASS geographical information system},
  author={Baker, William L and Cai, Yunming},
  journal={Landscape Ecology},
  volume={7},
  number={4},
  pages={291--302},
  year={1992},
  publisher={Springer}
}
@article{cannata2012two,
  title={Two-dimensional dam break flooding simulation: a GIS-embedded approach},
  author={Cannata, Massimiliano and Marzocchi, Roberto},
  journal={Natural hazards},
  volume={61},
  number={3},
  pages={1143--1159},
  year={2012},
  publisher={Springer}
}
@book{chemin2012distributed,
  title={A Distributed Benchmarking Framework for Actual ET Models},
  author={Chemin, Yann},
  year={2012},
  publisher={INTECH Open Access Publisher}
}
@book{chemin2014remote,
  title={Remote Sensing Raster Programming},
  author={Chemin, Yann},
  year={2014},
  publisher={Lulu}
}
@article{rodriguez2013data,
    author = {Rodriguez-Aseretto, Dario and de Rigo, Daniele and Di Leo, Margherita and Cort\'{e}s, Ana and San-Miguel-Ayanz, Jes\'{u}s},
    citeulike-article-id = {13387794},
    citeulike-linkout-0 = {http://dx.doi.org/10.1016/j.procs.2013.05.355},
    doi = {10.1016/j.procs.2013.05.355},
    issn = {18770509},
    journal = {Procedia Computer Science},
    month = jan,
    pages = {1861--1870},
    posted-at = {2014-10-10 13:47:37},
    priority = {0},
    title = {{A Data-driven Model for Large Wildfire Behaviour Prediction in Europe}},
    url = {http://dx.doi.org/10.1016/j.procs.2013.05.355},
    volume = {18},
    year = {2013}
}
@incollection{derigo2013architecture,
    author = {de Rigo, Daniele and Rodriguez-Aseretto, Dario and Bosco, Claudio and Di Leo, Margherita and San-Miguel-Ayanz, Jes\'{u}s},
    booktitle = {Environmental Software Systems. Fostering Information Sharing},
    citeulike-article-id = {13387795},
    citeulike-linkout-0 = {http://dx.doi.org/10.1007/978-3-642-41151-9\_35},
    citeulike-linkout-1 = {http://link.springer.com/chapter/10.1007/978-3-642-41151-9\_35},
    doi = {10.1007/978-3-642-41151-9\_35},
    editor = {H\v{r}eb\'{\i}\v{c}ek, Ji\v{r}\'{\i} and Schimak, Gerald and Kub\'{a}sek, Miroslav and Rizzoli, AndreaE},
    pages = {367--380},
    posted-at = {2014-10-10 13:51:37},
    priority = {0},
    publisher = {Springer Berlin Heidelberg},
    series = {IFIP Advances in Information and Communication Technology},
    title = {{An Architecture for Adaptive Robust Modelling of Wildfire Behaviour under Deep Uncertainty}},
    url = {http://dx.doi.org/10.1007/978-3-642-41151-9\_35},
    volume = {413},
    year = {2013}
}

@article{garcia2007comparison,
  title={Comparison of three operative models for estimating the surface water deficit using ASTER reflective and thermal data},
  author={Garc{\'\i}a, M{\'o}nica and Villagarc{\'\i}a, Luis and Contreras, Sergio and Domingo, Francisco and Puigdef{\'a}bregas, Juan},
  journal={Sensors},
  volume={7},
  number={6},
  pages={860--883},
  year={2007},
  publisher={Molecular Diversity Preservation International}
}
@article{gao2008intercomparison,
  title={Intercomparison of remote sensing-based models for estimation of evapotranspiration and accuracy assessment based on SWAT},
  author={Gao, Yanchun and Long, Di},
  journal={Hydrological processes},
  volume={22},
  number={25},
  pages={4850--4869},
  year={2008},
  publisher={Wiley Online Library}
}

@techreport{mcgarigal1995fragstats,
     title = {{FRAGSTATS: spatial pattern analysis program for quantifying landscape structure}},
     author = {K. McGarigal and B. J. Marks},
     group = {Forest Services},
     year = {1995},
     number = {PNW-351},
     institution = {USDA}
}
@inproceedings{raghavan2014deploying,
    author = {Raghavan, V. and Choosumrong, S. and Yoshida, D. and Vinayaraj, P.},
    title = {{Deploying Dynamic Routing Service for Emergency Scenarios using pgRouting, GRASS and ZOO}},
    booktitle= {In Proceedings of FOSS4G Europe, Jacobs University, Bremen, Germany},
    year = {2014},
    month = {July}
}

@article{rocchini2012let,
  title={Let the four freedoms paradigm apply to ecology},
  author={Rocchini, Duccio and Neteler, Markus},
  journal={Trends in ecology \& evolution},
  volume={27},
  number={6},
  pages={310--311},
  year={2012},
  publisher={Elsevier Current Trends}
}

@techreport{Rothermel1983how,
     title = {{How to predict the spread and intensity of forest and range fires}},
     author = {Rothermel, R. C.},
     institution = {US Forest Services},
     year = {1983},
     number = {INT-143}
}
@article{suleiman2008intercomparison,
  title={Intercomparison of evapotranspiration estimates at the different ecological zones in Jordan},
  author={Suleiman, Ayman and Al-Bakri, Jawad and Duqqah, Mohammad and Crago, Rich},
  journal={Journal of Hydrometeorology},
  volume={9},
  number={5},
  pages={903--919},
  year={2008}
}
@article{timmermans2007intercomparison,
  title={An intercomparison of the surface energy balance algorithm for land (SEBAL) and the two-source energy balance (TSEB) modeling schemes},
  author={Timmermans, Wim J and Kustas, William P and Anderson, Martha C and French, Andrew N},
  journal={Remote Sensing of Environment},
  volume={108},
  number={4},
  pages={369--384},
  year={2007},
  publisher={Elsevier}
}
@phdthesis{xu1994simulating,
  title={Simulating the spread of wildfires using a geographic information system and remote sensing},
  author={Jianping Xu},
  school={Rutgers University, New Brunswick, New Jersey},
  year={1994}
}

@article{2013_DiLeo_etAl,
    author = {Di Leo, Margherita and de Rigo, Daniele and Rodriguez-Aseretto, Dario and Bosco, Claudio and Petroliagkis, Thomas and Camia, Andrea and San-Miguel-Ayanz, Jes\'{u}s},
    booktitle = {Environmental Software Systems. Fostering Information Sharing},
    citeulike-article-id = {12612201},
    citeulike-linkout-0 = {http://scholar.google.it/scholar?cluster=1214896257622472922},
    citeulike-linkout-1 = {http://mastrave.org/bib/Di\_Leo\_etal\_ISESS2013.pdf},
    citeulike-linkout-2 = {http://dx.doi.org/10.1007/978-3-642-41151-9\_2},
    citeulike-linkout-3 = {http://dx.doi.org/10.1007/978-3-642-41151-9\_2},
    citeulike-linkout-4 = {http://link.springer.com/chapter/10.1007/978-3-642-41151-9\_2},
    doi = {10.1007/978-3-642-41151-9\_2},
    editor = {H\v{r}eb\'{\i}\v{c}ek, Ji\v{r}\'{\i} and Schimak, Gerald and Kub\'{a}sek, Miroslav and Rizzoli, Andrea E.},
    issn = {1868-4238},
    journal = {IFIP Advances in Information and Communication Technology ISSN:1868-4238. Special issue: "Environmental Software Systems. Fostering sharing information".},
    pages = {11--22},
    posted-at = {2014-10-10 13:24:52},
    priority = {0},
    publisher = {Springer Berlin Heidelberg},
    series = {IFIP Advances in Information and Communication Technology},
    title = {{Dynamic Data Driven Ensemble for Wildfire Behaviour Assessment: A Case Study}},
    url = {http://scholar.google.it/scholar?cluster=1214896257622472922},
    volume = {413},
    year = {2013}
}

@inproceedings{Petrasova2014,
author = {Petrasova, Anna and Harmon, Brendan and Petras, Vaclav and Mitasova, Helena},
title = {{GIS-based environmental modeling with tangible interaction and dynamic visualization}},
booktitle = {7th International Congress on Environmental Modelling and Software},
address = {San Diego, California, USA},
editor = {{Ames, D.P., Quinn, N.W.T., Rizzoli}, A.E. (Eds.)},
url = {http://www.iemss.org/society/index.php/iemss-2014-proceedings},
year = {2014},
month = {jun},
isbn = {978-88-9035-744-2}
}

@article{Mitas1988a,
title = {General variational approach to the interpolation problem},
journal = {Computers \& Mathematics with Applications},
volume = {16},
number = {12},
pages = {983--992},
year = {1988},
issn = {0898-1221},
doi = {10.1016/0898-1221(88)90255-6},
author = {Mitas, Lubos and Mitasova, Helena},
}

@article{Mitas1998b,
author = {Mitas, Lubos and Mitasova, Helena},
title = {Distributed soil erosion simulation for effective erosion prevention},
journal = {Water Resources Research},
volume = {34},
number = {3},
issn = {1944-7973},
doi = {10.1029/97WR03347},
pages = {505--516},
year = {1998},
}

@article{Mitas1993,
author={Mitas, Lubos and Mitasova, Helena},
title={Interpolation by regularized spline with tension: I. Theory and implementation},
year={1993},
journal={Mathematical Geology},
volume={25},
number={6},
doi={10.1007/BF00893171},
issn={0882-8121},
pages={641--655}
}

@misc{Petras2014,
author = {Petras, Vaclav and Gebbert, Soeren},
title = {{Testing framework for GRASS GIS: ensuring reproducibility of scientific geospatial computing}},
year = {2014},
note = {Poster presented at 2014 Fall Meeting, AGU, San Francisco, Calif., 14-18 Dec}
}

@article{mea582,
author = {Petras, Vaclav and Petrasova, Anna and Harmon, Brendan and Meentemeyer, Ross and Mitasova, Helena},
title = {Integrating open source solutions into geospatial science education},
year = {2015},
note = {Manuscript submitted for publication}
}

@article{neteler2012grass,
  title={{GRASS GIS: a multi-purpose Open Source GIS}},
  author={Neteler, M. and Bowman, M.H. and Landa, M. and Metz, M.},
  journal={Environmental Modelling \& Software},
  year={2012},
  volume = {31},
  pages = {124â€“130},
  publisher={Elsevier},
  doi = "10.1016/j.envsoft.2011.11.014"
}
